<?xml version="1.0" encoding="UTF-8"?><collection xmlns="http://www.loc.gov/MARC21/slim"><record><leader>00388nam--2200145-i-4500</leader><controlfield tag="001">000012106</controlfield><controlfield tag="002">20161230</controlfield><controlfield tag="005">20161230201029</controlfield><controlfield tag="008">060222s1000------------r-----000-0-eng-d</controlfield><datafield ind1=" " ind2=" " tag="080"><subfield code="a">621.039</subfield></datafield><datafield ind1=" " ind2=" " tag="100"><subfield code="a">Andriot, J., Gaussens J</subfield></datafield><datafield ind1=" " ind2=" " tag="245"><subfield code="a">Economie et perspectives de l energie atomique</subfield></datafield><datafield ind1=" " ind2=" " tag="260"><subfield code="a">Paris, Dunod, 1964 Xii + 276 P</subfield></datafield><datafield ind1=" " ind2=" " tag="490"><subfield code="a">L Energie Et Ses Problemes</subfield></datafield><datafield ind1=" " ind2=" " tag="852"><subfield code="a">20389</subfield></datafield></record></collection>